<?xml version="1.0" encoding="UTF-8"?><collection xmlns="http://www.loc.gov/MARC21/slim"><record><leader>00616nam--2200205-u-4500</leader><controlfield tag="001">000054203</controlfield><controlfield tag="002">20161230</controlfield><controlfield tag="005">20161230201051</controlfield><controlfield tag="008">110916s1000------------r-----000-0-eng-d</controlfield><datafield ind1=" " ind2=" " tag="020"><subfield code="a">1859960901</subfield></datafield><datafield ind1=" " ind2=" " tag="040"><subfield code="a">IFIN-HH</subfield></datafield><datafield ind1=" " ind2=" " tag="080"><subfield code="a">77.02:771(06)</subfield></datafield><datafield ind1="1" ind2=" " tag="100"><subfield code="a">Bracegirdle, Brian</subfield></datafield><datafield ind1="1" ind2="0" tag="245"><subfield code="a">Modern photomicrography</subfield><subfield code="b">Microscopy handbooks 33</subfield><subfield code="c">Brian bracegirdle, savile bradbury</subfield></datafield><datafield ind1=" " ind2=" " tag="260"><subfield code="a">Oxford</subfield><subfield code="b">Bios Scientific Publishers</subfield><subfield code="c">1995</subfield></datafield><datafield ind1=" " ind2=" " tag="300"><subfield code="a">94P</subfield></datafield><datafield ind1=" " ind2=" " tag="490"><subfield code="a">Royal Microscopical Society Microscopy Handbooks 33</subfield></datafield><datafield ind1="1" ind2=" " tag="700"><subfield code="a">Bradbury, Savile</subfield></datafield><datafield ind1=" " ind2=" " tag="852"><subfield code="a">81205</subfield><subfield code="c">537.533.35</subfield></datafield><datafield ind1=" " ind2=" " tag="CAT"><subfield code="a">Sys</subfield><subfield code="c">20110916</subfield><subfield code="h">090713</subfield></datafield></record></collection>